@article{dwork2011firm,
  title={A firm foundation for private data analysis},
  author={Dwork, Cynthia},
  journal={Communications of the ACM},
  volume={54},
  number={1},
  pages={86--95},
  year={2011},
  publisher={ACM New York, NY, USA}
}

@inproceedings{ullman2011pcps,
  title={{PCP}s and the hardness of generating private synthetic data},
  author={Ullman, Jonathan and Vadhan, Salil},
  booktitle={Theory of Cryptography Conference},
  pages={400--416},
  year={2011},
  organization={Springer}
}

@inproceedings{blum2005practical,
  title={Practical privacy: the {SuLQ} framework},
  author={Blum, Avrim and Dwork, Cynthia and McSherry, Frank and Nissim, Kobbi},
  booktitle={Proceedings of the twenty-fourth ACM SIGMOD-SIGACT-SIGART symposium on Principles of database systems},
  pages={128--138},
  year={2005}
}

@article{torfi2020differentially,
  title={Differentially Private Synthetic Medical Data Generation using Convolutional {GAN}s},
  author={Torfi, Amirsina and Fox, Edward A and Reddy, Chandan K},
  journal={arXiv preprint arXiv:2012.11774},
  year={2020}
}

@inproceedings{torkzadehmahani2019dp,
  title={{DP-CGAN}: Differentially private synthetic data and label generation},
  author={Torkzadehmahani, Reihaneh and Kairouz, Peter and Paten, Benedict},
  booktitle={Proceedings of the IEEE/CVF Conference on Computer Vision and Pattern Recognition Workshops},
  pages={0--0},
  year={2019}
}

@inproceedings{barak2007privacy,
  title={Privacy, accuracy, and consistency too: a holistic solution to contingency table release},
  author={Barak, Boaz and Chaudhuri, Kamalika and Dwork, Cynthia and Kale, Satyen and McSherry, Frank and Talwar, Kunal},
  booktitle={Proceedings of the twenty-sixth ACM SIGMOD-SIGACT-SIGART symposium on Principles of database systems},
  pages={273--282},
  year={2007}
}

@inproceedings{zhang2021privsyn,
  title={Privsyn: Differentially private data synthesis},
  author={Zhang, Zhikun and Wang, Tianhao and Li, Ninghui and Honorio, Jean and Backes, Michael and He, Shibo and Chen, Jiming and Zhang, Yang},
  booktitle={30th $\{$USENIX$\}$ Security Symposium ($\{$USENIX$\}$ Security 21)},
  year={2021}
}

@inproceedings{mironov2017renyi,
  title={R{\'e}nyi differential privacy},
  author={Mironov, Ilya},
  booktitle={2017 IEEE 30th Computer Security Foundations Symposium (CSF)},
  pages={263--275},
  year={2017},
  organization={IEEE}
}

@article{chen2018differentially,
  title={Differentially private data generative models},
  author={Chen, Qingrong and Xiang, Chong and Xue, Minhui and Li, Bo and Borisov, Nikita and Kaarfar, Dali and Zhu, Haojin},
  journal={arXiv preprint arXiv:1812.02274},
  year={2018}
}

@article{zhang2017privbayes,
  title={Privbayes: Private data release via bayesian networks},
  author={Zhang, Jun and Cormode, Graham and Procopiuc, Cecilia M and Srivastava, Divesh and Xiao, Xiaokui},
  journal={ACM Transactions on Database Systems (TODS)},
  volume={42},
  number={4},
  pages={1--41},
  year={2017},
  publisher={ACM New York, NY, USA}
}

@inproceedings{zhang2016privtree,
  title={Privtree: A differentially private algorithm for hierarchical decompositions},
  author={Zhang, Jun and Xiao, Xiaokui and Xie, Xing},
  booktitle={Proceedings of the 2016 International Conference on Management of Data},
  pages={155--170},
  year={2016}
}

@inproceedings{abadi2016deep,
  title={Deep learning with differential privacy},
  author={Abadi, Martin and Chu, Andy and Goodfellow, Ian and McMahan, H Brendan and Mironov, Ilya and Talwar, Kunal and Zhang, Li},
  booktitle={Proceedings of the 2016 ACM SIGSAC conference on computer and communications security},
  pages={308--318},
  year={2016}
}

@article{papernot2016semi,
  title={Semi-supervised knowledge transfer for deep learning from private training data},
  author={Papernot, Nicolas and Abadi, Mart{\'\i}n and Erlingsson, Ulfar and Goodfellow, Ian and Talwar, Kunal},
  journal={arXiv preprint arXiv:1610.05755},
  year={2016}
}

@article{xie2018differentially,
  title={Differentially private generative adversarial network},
  author={Xie, Liyang and Lin, Kaixiang and Wang, Shu and Wang, Fei and Zhou, Jiayu},
  journal={arXiv preprint arXiv:1802.06739},
  year={2018}
}

@inproceedings{jordon2018pate,
  title={{PATE-GAN}: Generating synthetic data with differential privacy guarantees},
  author={Jordon, James and Yoon, Jinsung and Van Der Schaar, Mihaela},
  booktitle={International conference on learning representations},
  year={2018}
}

@article{takahashi2020differentially,
  title={Differentially Private Variational Autoencoders with Term-wise Gradient Aggregation},
  author={Takahashi, Tsubasa and Takagi, Shun and Ono, Hajime and Komatsu, Tatsuya},
  journal={arXiv preprint arXiv:2006.11204},
  year={2020}
}

@inproceedings{snoke2018pmse,
  title={p{MSE} mechanism: differentially private synthetic data with maximal distributional similarity},
  author={Snoke, Joshua and Slavkovi{\'c}, Aleksandra},
  booktitle={International Conference on Privacy in Statistical Databases},
  pages={138--159},
  year={2018},
  organization={Springer}
}

@inproceedings{dwork2006calibrating,
  title={Calibrating noise to sensitivity in private data analysis},
  author={Dwork, Cynthia and McSherry, Frank and Nissim, Kobbi and Smith, Adam},
  booktitle={Theory of cryptography conference},
  pages={265--284},
  year={2006},
  organization={Springer}
}

@inproceedings{dietterich2000ensemble,
  title={Ensemble methods in machine learning},
  author={Dietterich, Thomas G},
  booktitle={International workshop on multiple classifier systems},
  pages={1--15},
  year={2000},
  organization={Springer}
}